<?xml version="1.0" encoding="UTF-8"?><collection xmlns="http://www.loc.gov/MARC21/slim"><record><leader>00468nam--2200157-u-4500</leader><controlfield tag="001">000052462</controlfield><controlfield tag="002">20161230</controlfield><controlfield tag="005">20161230201050</controlfield><controlfield tag="008">100715s1000------------r-----000-0-fre-d</controlfield><datafield ind1=" " ind2=" " tag="040"><subfield code="a">IFIN-HH</subfield></datafield><datafield ind1=" " ind2=" " tag="041"><subfield code="a">fre</subfield></datafield><datafield ind1="1" ind2=" " tag="100"><subfield code="a">Gidas, Nicos K</subfield></datafield><datafield ind1="1" ind2="0" tag="245"><subfield code="a">Exploration dynamique et thermique de l'ecoulement de la vapeur d'eau a l'interieur d'un caloduc</subfield><subfield code="c">Nikos K. Gidas</subfield></datafield><datafield ind1=" " ind2=" " tag="260"><subfield code="a">Paris</subfield><subfield code="b">Faculte des sciences</subfield><subfield code="c">1969</subfield></datafield><datafield ind1=" " ind2=" " tag="852"><subfield code="a">38173</subfield><subfield code="c">532</subfield></datafield><datafield ind1=" " ind2=" " tag="CAT"><subfield code="a">Sys</subfield><subfield code="c">20100715</subfield><subfield code="h">104954</subfield></datafield></record></collection>